% Encoding: UTF-8

@Article{durr2016single,
  author    = {D{\"u}rr, Oliver and Sick, Beate},
  journal   = {Journal of biomolecular screening},
  title     = {Single-cell phenotype classification using deep convolutional neural networks},
  year      = {2016},
  number    = {9},
  pages     = {998--1003},
  volume    = {21},
  publisher = {SAGE Publications Sage CA: Los Angeles, CA},
}

@Comment{jabref-meta: databaseType:bibtex;}
