% Encoding: UTF-8

@Article{blei2017variational,
  author    = {Blei, David M and Kucukelbir, Alp and McAuliffe, Jon D},
  title     = {Variational inference: A review for statisticians},
  journal   = {Journal of the American statistical Association},
  year      = {2017},
  volume    = {112},
  number    = {518},
  pages     = {859--877},
  publisher = {Taylor \& Francis},
}

@Comment{jabref-meta: databaseType:bibtex;}
